1685 2778
605 64 714 130 «υς
775 53 963 134 (1·τὸ
979 55 1008 134 )
1062 54 1167 125 ³·

203 185 523 264 nomine
543 179 709 266 haec
725 209 920 265 trans
937 237 959 254 -
991 187 1064 266 &
1086 181 1381 265 collatio
1400 187 1612 275 veni,

151 303 269 388 18
275 331 348 380 re
380 331 544 382 non
591 299 884 411 potest,
932 330 1138 413 ergo,
1258 299 1392 381 Ad
1440 298 1608 383 haeo

200 417 419 529 qubd
442 418 1398 532 ἰιῃωεάἰαῑὲείρετξεηῑε
1384 447 1462 497 m
1493 443 1607 501 ca-

198 543 542 647 pientem
583 535 1022 618 dominium
1059 536 1338 619 miffilis
1370 563 1604 618 trans-

193 653 498 750 feratur,
547 651 1045 737 confirmatur
1078 687 1170 736 ex
1205 653 1369 752 his,
1421 683 1601 766 quae,

187 769 415 865 habet
437 777 616 856 Ant.
640 775 977 859 perezius
998 773 1230 857 Instit.
1256 778 1454 884 Imp.
1474 775 1600 870 lib,

183 914 247 980 2.
269 892 420 974 Tit.
448 916 507 976 1.
537 889 632 973 ad
651 892 883 1002 §.qua
915 900 1179 972 ratione
1203 955 1224 990 ,
1260 898 1399 1003 qui
1428 895 1597 972 Au-

180 1005 355 1090 thor
381 1008 825 1120 assignando
863 1007 1363 1102 differ-entiam
1399 1015 1601 1090 intee

182 1127 476 1209 missilia
505 1192 524 1224 ,
562 1133 634 1213 &
672 1136 869 1210 inter
910 1161 1056 1227 res,
1093 1158 1268 1241 quae
1317 1127 1606 1216 habem

180 1269 305 1326 tur
324 1277 460 1357 pro
484 1246 835 1329 derelffio
870 1314 890 1347 ,
942 1255 1188 1329 innuit
1206 1254 1598 1361 cogitatio-

173 1394 355 1444 nem
394 1428 417 1462 ,
468 1392 819 1449 mentem
871 1431 891 1464 ,
959 1370 1034 1449 &
1105 1368 1591 1460 voluntatem

170 1479 580 1597 spargentis
600 1483 741 1563 effe
762 1550 783 1582 ‚
818 1509 901 1565 ut
923 1483 1209 1578 mijffilia
1229 1516 1382 1565 non
1405 1485 1593 1571 defi.

169 1626 356 1681 nant
375 1603 514 1681 efle
535 1602 923 1684 &numero
961 1634 1210 1689 rerum
1249 1598 1587 1704 suarum,

169 1719 309 1800 nifi
342 1721 590 1802 abalio
613 1720 1072 1833 apprehensa
1094 1723 1372 1806 fuerint
1393 1749 1414 1805 t
1435 1724 1585 1804 Sci.

166 1866 345 1919 mus
363 1863 619 1922 autem
659 1842 817 1925 exl.
852 1867 940 1944 4.
973 1841 1166 1924 cod.
1202 1842 1299 1922 de
1332 1847 1583 1952 acqui„

162 1955 398 2038 tenda
425 2022 444 2053 ,
475 1961 547 2041 &
571 1958 963 2042 retinenda
979 1958 1451 2074 poffeffione,
1471 1968 1580 2049 rei

149 2074 687 2188 pofleffionem
717 2084 939 2160 etiam
996 2079 1149 2161 1010
1180 2085 1441 2162 animo
1468 2109 1578 2159 re-

154 2199 366 2276 tineri
395 2196 624 2305 posse.
740 2196 1021 2290 Ethaee
1054 2229 1197 2325 pro
1230 2227 1437 2290 nunc
1468 2199 1571 2282 Ia.

147 2317 238 2395 tis
270 2314 515 2401 sunto,

1378 2438 1569 2531 EPI-
